
@preamble{
   "\def\cprime{$'$} "
}
@ARTICLE{Lein1,
   author = {{Leinster}, T.},
    title = "{The Euler characteristic of a category}",
  journal = {ArXiv Mathematics e-prints},
   eprint = {math/0610260},
 keywords = {Mathematics - Category Theory, Mathematics - Algebraic Topology, Mathematics - Combinatorics},
     year = 2006,
    month = oct,
   adsurl = {http://adsabs.harvard.edu/abs/2006math.....10260L},
  adsnote = {ProThis definevided by the SAO/NASA Astrophysics Data System}
}

@ARTICLE{Carl1,
   author = {{Carlsson}, G. and {Memoli}, F.},
    title = "{Persistent Clustering and a Theorem of J. Kleinberg}",
  journal = {ArXiv e-prints},
archivePrefix = "arXiv",
   eprint = {0808.2241},
 primaryClass = "stat.ML",
 keywords = {Statistics - Machine Learning},
     year = 2008,
    month = aug,
   adsurl = {http://adsabs.harvard.edu/abs/2008arXiv0808.2241C},
  adsnote = {Provided by the SAO/NASA Astrophysics Data System}
}

@ARTICLE{Lein2,
   author = {{Leinster}, T. and {Willerton}, S.},
    title = "{On the asymptotic magnitude of subsets of Euclidean space}",
  journal = {ArXiv e-prints},
archivePrefix = "arXiv",
   eprint = {0908.1582},
 primaryClass = "math.MG",
 keywords = {Mathematics - Metric Geometry, Mathematics - Classical Analysis and ODEs, Mathematics - Category Theory, 18D20, 28A75, 54E35},
     year = 2009,
    month = aug,
   adsurl = {http://adsabs.harvard.edu/abs/2009arXiv0908.1582L},
  adsnote = {Provided by the SAO/NASA Astrophysics Data System}
}
@ARTICLE{Meck1,
   author = {{Meckes}, M.~W.},
    title = "{Positive definite metric spaces}",
  journal = {ArXiv e-prints},
archivePrefix = "arXiv",
   eprint = {1012.5863},
 primaryClass = "math.MG",
 keywords = {Mathematics - Metric Geometry, Mathematics - Functional Analysis, Mathematics - General Topology},
     year = 2010,
    month = dec,
   adsurl = {http://adsabs.harvard.edu/abs/2010arXiv1012.5863M},
  adsnote = {Provided by the SAO/NASA Astrophysics Data System}
}
@ARTICLE{Lein3
   author = {{Leinster}, T.},
    title = "{Notions of M$\backslash$''obius inversion}",
  journal = {ArXiv e-prints},
archivePrefix = "arXiv",
   eprint = {1201.0413},
 primaryClass = "math.CT",
 keywords = {Mathematics - Category Theory, Mathematics - Combinatorics},
     year = 2012,
    month = jan,
   adsurl = {http://adsabs.harvard.edu/abs/2012arXiv1201.0413L},
  adsnote = {Provided by the SAO/NASA Astrophysics Data System}
}
@inbook{Kelly1, place={Cambridge}, 
series={Reprints in Theory and Applications of Categories}, 
title={Basic Concepts of Enriched Category Theory}, 
booktitle={Basic Concepts of Enriched Category Theory}, publisher={Cambridge University Press}, author={Kelly, G M}, year={1982}, collection={Reprints in Theory and Applications of Categories}
}
@ARTICLE{Lein4,
   author = {{Leinster}, T.},
    title = "{The magnitude of metric spaces}",
  journal = {ArXiv e-prints},
archivePrefix = "arXiv",
   eprint = {1012.5857},
 primaryClass = "math.MG",
 keywords = {Mathematics - Metric Geometry, Mathematics - Category Theory, Mathematics - General Topology, Mathematics - Geometric Topology},
     year = 2010,
    month = dec,
   adsurl = {http://adsabs.harvard.edu/abs/2010arXiv1012.5857L},
  adsnote = {Provided by the SAO/NASA Astrophysics Data System}
}

@ARTICLE{Nog1,
   author = {{Noguchi}, K. and {Tanaka}, K.},
    title = "{The Euler characteristic of an enriched category}",
  journal = {ArXiv e-prints},
archivePrefix = "arXiv",
   eprint = {1405.3356},
 primaryClass = "math.CT",
 keywords = {Mathematics - Category Theory, 18D20, 55U35},
     year = 2014,
    month = may,
   adsurl = {http://adsabs.harvard.edu/abs/2014arXiv1405.3356N},
  adsnote = {Provided by the SAO/NASA Astrophysics Data System}
}

@article{Lawv1, 
	title={Metric spaces, generalized logic, and closed categories},
	volume={43}, 
	DOI={10.1007/bf02924844}, 
	number={1}, 
	journal={Rendiconti del Seminario Matematico e Fisico di Milano},
	author={Lawvere, F. William}, 
	year={1973}, 
	pages={135-166}
	note={Also available as: \textit{Reprints in Theory and Applications of Categories} 1, 2002}
	}